
@inproceedings{malewicz2010pregel,
  title={Pregel: a system for large-scale graph processing},
  author={Malewicz, Grzegorz and Austern, Matthew H and Bik, Aart JC and Dehnert, James C and Horn, Ilan and Leiser,
  Naty and Czajkowski, Grzegorz},
  booktitle={Proceedings of the 2010 ACM SIGMOD International Conference on Management of data},
  pages={135--146},
  year={2010},
  organization={ACM}
}


@article{low2010graphlab,
  title={Graphlab: A new framework for parallel machine learning},
  author={Low, Yucheng and Gonzalez, Joseph and Kyrola, Aapo and Bickson, Danny and Guestrin, Carlos and Hellerstein,
  Joseph M},
  journal={arXiv preprint arXiv:1006.4990},
  year={2010}
}


@inproceedings{gonzalez2012powergraph,
  title={Powergraph: Distributed graph-parallel computation on natural graphs},
  author={Gonzalez, Joseph E and Low, Yucheng and Gu, Haijie and Bickson, Danny and Guestrin, Carlos},
  booktitle={Proceedings of the 10th USENIX Symposium on Operating Systems Design and Implementation (OSDI)},
  pages={17--30},
  year={2012}
}


@inproceedings{kyrola2012graphchi,
  title={Graphchi: Large-scale graph computation on just a pc},
  author={Kyrola, Aapo and Blelloch, Guy and Guestrin, Carlos},
  booktitle={Proceedings of the 10th USENIX Symposium on Operating Systems Design and Implementation (OSDI)},
  volume={8},
  pages={31--46},
  year={2012}
}
